<?xml version="1.0" encoding="UTF-8"?><record xmlns="http://www.loc.gov/MARC21/slim" xmlns:cinclude="http://apache.org/cocoon/include/1.0" xmlns:zs="http://www.loc.gov/zing/srw/">
  <leader>00345nz  a2200121n  4500</leader>
  <controlfield tag="001">nr2003018834</controlfield>
  <controlfield tag="003">DLC</controlfield>
  <controlfield tag="005">20030607033122.0</controlfield>
  <controlfield tag="008">030605n| acannaabn          |n aaa     c</controlfield>
  <datafield tag="010" ind1=" " ind2=" ">
    <subfield code="a">nr2003018834</subfield>
  </datafield>
  <datafield tag="040" ind1=" " ind2=" ">
    <subfield code="a">IeDuTC</subfield>
    <subfield code="b">eng</subfield>
    <subfield code="c">IeDuTC</subfield>
  </datafield>
  <datafield tag="100" ind1="1" ind2="0">
    <subfield code="a">Enikolopov, Ruben</subfield>
  </datafield>
  <datafield tag="670" ind1=" " ind2=" ">
    <subfield code="a">His Decentralization and political institutions, 2003 :</subfield>
    <subfield code="b">t.p. (Ruben Enikolopov)</subfield>
  </datafield>
</record>